@article{hashJava,
author = "Java hashCode()",
title = "code de hashage de Java",
year = "06/2015",
url = "\url{https://fr.wikipedia.org/wiki/Java_hashCode()}"
}

@theseBC{theseBC,
    author = "Charif ALCHIEKH HAYDAR",
    title = "Les systèmes de recommandation à base de confiance",
    year = "03/09/2014",
    publisher = {Université de Lorraine},
    url = "\url{http://docnum.univ-lorraine.fr/public/DDOC_T_2014_0203_ALCHIEKH_HAYDAR.pdf}"
}

@theseClust{theseClu,
    author = "SongJie Gong",
    title = "A Collaborative Filtering Recommendation 
Algorithm Based on User Clustering and Item 
Clustering ",
    year = "07/2010",
    publisher = {Zhejiang Business Technology Institute},
    url = "\url{http://www.jsoftware.us/vol5/jsw0507-9.pdf}"
}

@etatdelart{eda,
    author = "Nicolas Béchet",
    title = "Etat de l’art sur les Systèmes de Recommandation",
    publisher = {INRIA},
    url = "\url{http://people.irisa.fr/Nicolas.Bechet/Publications/EtatArt.pdf}"
}


@diapo{diapo,
    author = "Romain Picot-Clémente",
    title = "Les systèmes de recommandation",
    year = "06/2015",
    publisher = {Télécom Bretagne},
    url = "\url{https://fr.slideshare.net/rpicotcl/presentation-decide-21-072015}"
}

@diapo2{diapo2,
    author = "Ricco Rakotomalala",
    title = "Filtrage collaboratif et système de recommandation",
    year = "06/2015",
    publisher = {Université Lyon 2},
    url = "\url{https://eric.univ-lyon2.fr/~ricco/cours/slides/WM.B-FiltrageCollaboratif-Recommandation.pdf}"
}